@string{lncs="Lecture Notes in Computer Science"}

@InProceedings{AACM-DLS07,
  Author         = {Ancona, D. and Ancona, M. and Cuni, A and Matsakis, N.},
  Title          = {R{P}ython: a {S}tep {T}owards {R}econciling
                   {D}ynamically and {S}tatically {T}yped {OO} {L}anguages},
  BookTitle      = {O{OPSLA} 2007 {P}roceedings and {C}ompanion, {DLS}'07:
                   {P}roceedings of the 2007 {S}ymposium on {D}ynamic
                   {L}anguages},
  Pages          = {53--64},
  Publisher      = {ACM},
  year           = 2007
}

@InProceedings{BolzEtAl08,
  author    = {C. F. Bolz and
               A. Kuhn and
               A. Lienhard and
               N. D. Matsakis and
               O. Nierstrasz and
               L. Renggli and
               A. Rigo and
               T. Verwaest},
  title     = {Back to the Future in One Week - Implementing a Smalltalk
               VM in {P}y{P}y},
  booktitle = {Self-Sustaining Systems, First Workshop, S3 2008, Potsdam, Revised Selected Papers},
  series    = lncs,
  volume    = {5146},
  year      = {2008},
  pages     = {123--139},
}

@Article{Futamura99,
 author = {Yoshihiko Futamura},
 title = {Partial Evaluation of Computation Process, Revisited},
 journal = {Higher Order Symbol. Comput.},
 volume = {12},
 number = {4},
 year = {1999},
 pages = {377--380},
 publisher = {Kluwer Academic Publishers},
 }

@InProceedings{RigoPedroni06,
author    = {A.~Rigo and
               S.~Pedroni},
title     = {Py{P}y's approach to virtual machine construction},
booktitle = {OOPSLA Companion},
year      = {2006},
pages     = {944-953},
}
